<?xml version="1.0" encoding="UTF-8"?>
<record xmlns="http://www.loc.gov/MARC21/slim">
  <leader>03272ntm a22003857a 4500</leader>
  <controlfield tag="001">3283720</controlfield>
  <controlfield tag="005">20090328003600.0</controlfield>
  <controlfield tag="008">090115s1839    xx            000 i eng d</controlfield>
  <datafield tag="033" ind1="0" ind2="0">
    <subfield code="a">18390323</subfield>
  </datafield>
  <datafield tag="035" ind1=" " ind2=" ">
    <subfield code="a">3283720</subfield>
  </datafield>
  <datafield tag="040" ind1=" " ind2=" ">
    <subfield code="a">BRL</subfield>
  </datafield>
  <datafield tag="099" ind1=" " ind2=" ">
    <subfield code="a">Ms.A.9.2 v.11, p.65-66</subfield>
  </datafield>
  <datafield tag="100" ind1="1" ind2=" ">
    <subfield code="a">Weston, Anne Warren,</subfield>
    <subfield code="d">1812-1890.</subfield>
  </datafield>
  <datafield tag="245" ind1="1" ind2="0">
    <subfield code="a">[Letter to] Dearest Deborah</subfield>
    <subfield code="h">[manuscript].</subfield>
  </datafield>
  <datafield tag="260" ind1=" " ind2=" ">
    <subfield code="a">Boston,</subfield>
    <subfield code="c">March 23, 1839, Saturday eve&apos;g.</subfield>
  </datafield>
  <datafield tag="300" ind1=" " ind2=" ">
    <subfield code="a">2 leaves (8 p.)</subfield>
  </datafield>
  <datafield tag="500" ind1=" " ind2=" ">
    <subfield code="a">Holograph, signed.</subfield>
  </datafield>
  <datafield tag="500" ind1=" " ind2=" ">
    <subfield code="a">Anne Warren Weston gives family news. Mrs. Maria W. Chapman has proposed that Lucia Weston come to town as teacher for Elizabeth B. Chapman. Tells of numerous callers, a social evening, and of John A. Collin&apos;s preparations for printing the Cradle of Liberty. Gerrit Smith has given $100 to the Non-Resistance Society. Anne describes the sermons at the Free Church, given by Amos A. Phelps and Nathaniel Colver. The Rev. Adin Ballou wrote &quot;avowing himself a non-resistant, but yet he cannot join us because we petition governments.&quot; Anne regrets that &quot;the plan about Caroline failed.&quot; Describes the excitement and proceedings of the meeting of the Massachusetts Anti-Slavery Society on Tuesday, March 26, at which the Board confronted its opponents siding with the New York Executive Committee. Resolutions were offered by Ellis Gray Loring and Wendell in respect to the Society&apos;s payment of its pledges to the parent society. &quot;Edwin Tompson made hits at [Alanson] St. Clair &amp; [Gilbert H.] Durfee was ready through the whole meeting to kill everybody.&quot; At the afternoon meeting Lewis Tappan, James G. Birney, Amos A. Phelps spoke. &quot;[Wendell] Phillips tore [Henry B.] Stanton all to bits.&quot; Garrison &quot;stood his guns ... George Allen spoke for the peelers with great bitterness. [Charles T.] Torrey gave hits right and left more specially at Henry [G. Chapman].&quot; Anne reviews the speech by Rodney French, which &quot;was sweet to our souls.&quot; Henry B. Stanton and James G. Birney &quot;fully avowed that voting should be a test of membership.&quot; The vote at the meeting shows 143 to 23 (in favor of the Massachusetts Board). Lewis Tappan declared for a division of the Massachusetts Society, whereupon Wendell Phillips withdrew a previous resolution and refused anything to the New York Committee. Anne Warren Weston and Mrs. Maria W. Chapman called on Abby Kelley, who had also spoken very well at the meeting.</subfield>
  </datafield>
  <datafield tag="600" ind1="1" ind2="0">
    <subfield code="a">Weston, Anne Warren,</subfield>
    <subfield code="d">1812-1890</subfield>
    <subfield code="v">Correspondence.</subfield>
  </datafield>
  <datafield tag="600" ind1="1" ind2="0">
    <subfield code="a">Weston, Deborah</subfield>
    <subfield code="d">b. 1814.</subfield>
    <subfield code="v">Correspondence.</subfield>
  </datafield>
  <datafield tag="600" ind1="1" ind2="0">
    <subfield code="a">Collins, John A.</subfield>
    <subfield code="q">(John Anderson),</subfield>
    <subfield code="d">1810-1879.</subfield>
  </datafield>
  <datafield tag="600" ind1="1" ind2="0">
    <subfield code="a">Ballou, Adin,</subfield>
    <subfield code="d">1803-1890.</subfield>
  </datafield>
  <datafield tag="600" ind1="1" ind2="0">
    <subfield code="a">Phillips, Wendell,</subfield>
    <subfield code="d">1811-1884.</subfield>
  </datafield>
  <datafield tag="600" ind1="1" ind2="0">
    <subfield code="a">Tappan, Lewis,</subfield>
    <subfield code="d">1788-1873.</subfield>
  </datafield>
  <datafield tag="600" ind1="1" ind2="0">
    <subfield code="a">Stanton, Henry B.</subfield>
    <subfield code="q">(Henry Brewster),</subfield>
    <subfield code="d">1805-1887.</subfield>
  </datafield>
  <datafield tag="600" ind1="1" ind2="0">
    <subfield code="a">Allen, George,</subfield>
    <subfield code="d">1792-1883.</subfield>
  </datafield>
  <datafield tag="600" ind1="1" ind2="0">
    <subfield code="a">Birney, James Gillespie,</subfield>
    <subfield code="d">1792-1857.</subfield>
  </datafield>
  <datafield tag="610" ind1="2" ind2="0">
    <subfield code="a">Massachusetts Anti-Slavery Society.</subfield>
  </datafield>
  <datafield tag="650" ind1=" " ind2="0">
    <subfield code="a">Antislavery movements</subfield>
    <subfield code="z">United States</subfield>
    <subfield code="x">History</subfield>
    <subfield code="y">19th century.</subfield>
  </datafield>
  <datafield tag="650" ind1=" " ind2="0">
    <subfield code="a">Women abolitionists</subfield>
    <subfield code="z">Massachusetts</subfield>
    <subfield code="z">Boston</subfield>
    <subfield code="y">19th century</subfield>
    <subfield code="v">Correspondence.</subfield>
  </datafield>
  <datafield tag="655" ind1=" " ind2="0">
    <subfield code="a">Letters.</subfield>
  </datafield>
  <datafield tag="655" ind1=" " ind2="0">
    <subfield code="a">Manuscripts.</subfield>
  </datafield>
  <datafield tag="700" ind1="1" ind2=" ">
    <subfield code="a">Weston, Deborah,</subfield>
    <subfield code="d">b.1814</subfield>
    <subfield code="e">recipient.</subfield>
  </datafield>
  <datafield tag="830" ind1=" " ind2="0">
    <subfield code="a">Anne Warren Weston Correspondence (1834-1886)</subfield>
  </datafield>
  <datafield tag="999" ind1=" " ind2=" ">
    <subfield code="a">shots: 8</subfield>
  </datafield>
</record>
